<record xmlns="http://www.loc.gov/MARC21/slim" xmlns:xsi="http://www.w3.org/2001/XMLSchema-instance" xsi:schemaLocation="http://www.loc.gov/MARC21/slim http://www.loc.gov/standards/marcxml/schema/MARC21slim.xsd"><leader>02299nam a2200421   4500</leader><controlfield tag="001">6818539</controlfield><controlfield tag="003">NIC</controlfield><controlfield tag="006">m        d        </controlfield><controlfield tag="007">cr cn |||m|||a</controlfield><controlfield tag="008">150223s1923    ua      o     000 0 araod</controlfield><datafield ind1=" " ind2=" " tag="040"><subfield code="a">NNU</subfield><subfield code="b">eng</subfield><subfield code="e">rda</subfield><subfield code="c">NNU</subfield></datafield><datafield ind1=" " ind2="4" tag="050"><subfield code="a">PJ7750.A25</subfield><subfield code="b">R5 1923</subfield></datafield><datafield ind1="0" ind2=" " tag="100"><subfield code="6">880-01</subfield><subfield code="a">Abu&#772; al-&#699;Ala&#772;&#700; al-Ma&#699;arri&#772;,</subfield><subfield code="d">973-1057.</subfield></datafield><datafield ind1="1" ind2="0" tag="240"><subfield code="6">880-02</subfield><subfield code="a">Risa&#772;lat al-ghufra&#772;n.</subfield><subfield code="k">Slections</subfield></datafield><datafield ind1="1" ind2="0" tag="245"><subfield code="6">880-03</subfield><subfield code="a">Risa&#772;lat al-ghufra&#772;n /</subfield><subfield code="c">li-Abi&#772; al-&#699;Ala&#772;&#700; al-Ma&#699;arri&#772; ; i&#772;ja&#772;z wa-sharh&#803; Ka&#772;mil al-Ki&#772;la&#772;ni&#772;.</subfield></datafield><datafield ind1=" " ind2=" " tag="260"><subfield code="6">880-04</subfield><subfield code="a">al-Qa&#772;hirah :</subfield><subfield code="b">al-Maktabah al-Tija&#772;ri&#772;yah,</subfield><subfield code="c">1923.</subfield></datafield><datafield ind1=" " ind2=" " tag="300"><subfield code="a">online resource (2 volumes in 1)</subfield></datafield><datafield ind1=" " ind2=" " tag="336"><subfield code="a">text</subfield><subfield code="2">rdacontent</subfield></datafield><datafield ind1=" " ind2=" " tag="337"><subfield code="a">computer</subfield><subfield code="2">rdamedia</subfield></datafield><datafield ind1=" " ind2=" " tag="338"><subfield code="a">online resource</subfield><subfield code="2">rdacarrier</subfield></datafield><datafield ind1=" " ind2=" " tag="500"><subfield code="a">Part of the Arabic Collections Online (ACO) project, contributed by Cornell University Libraries.</subfield></datafield><datafield ind1=" " ind2=" " tag="533"><subfield code="a">Electronic reproduction.</subfield><subfield code="b">New York, N.Y. :</subfield><subfield code="c">New York University,</subfield><subfield code="d">2015.</subfield><subfield code="5">NNU</subfield></datafield><datafield ind1="0" ind2="0" tag="600"><subfield code="6">880-05</subfield><subfield code="a">Abu&#772; al-&#699;Ala&#772;&#700; al-Ma&#699;arri&#772;,</subfield><subfield code="d">973-1057.</subfield><subfield code="t">Risa&#772;lat al-ghufra&#772;n. </subfield></datafield><datafield ind1="0" ind2="7" tag="630"><subfield code="a">Risalat al-ghufra&#772;n (Abu&#772; al-&#699;Ala&#772;&#700; al-Ma&#699;arri&#772;)</subfield><subfield code="2">fast</subfield><subfield code="0">(OCoLC)fst01373141</subfield></datafield><datafield ind1="1" ind2=" " tag="700"><subfield code="6">880-06</subfield><subfield code="a">Ki&#772;la&#772;ni&#772;, Ka&#772;mil,</subfield><subfield code="d">1897-1959.</subfield></datafield><datafield ind1="2" ind2=" " tag="710"><subfield code="a">Cornell University.</subfield><subfield code="b">Libraries.</subfield></datafield><datafield ind1="0" ind2=" " tag="730"><subfield code="a">Arabic Collections Online.</subfield></datafield><datafield ind1="0" ind2="8" tag="776"><subfield code="i">Online version:</subfield><subfield code="a">Abu&#772; al-&#699;Ala&#772;&#700; al-Ma&#699;arri&#772;, 973-1057.</subfield><subfield code="t">Risa&#772;lat al-ghufra&#772;n.</subfield><subfield code="d">al-Qa&#772;hirah : al-Maktabah al-Tija&#772;ri&#772;yah, 1923</subfield><subfield code="w">(OCoLC)644929424</subfield></datafield><datafield ind1="0" ind2="8" tag="776"><subfield code="i">Print version:</subfield><subfield code="a">Abu&#772; al-&#699;Ala&#772;&#700; al-Ma&#699;arri&#772;, 973-1057.</subfield><subfield code="t">Risa&#772;lat al-ghufra&#772;n</subfield><subfield code="w">(NIC)6818539</subfield><subfield code="w">(OCoLC)22694329</subfield></datafield><datafield ind1="4" ind2="0" tag="856"><subfield code="u">http://hdl.handle.net/2333.1/6t1g1n2g</subfield></datafield><datafield ind1="0" ind2=" " tag="880"><subfield code="6">100-01/r</subfield><subfield code="a">&#1571;&#1576;&#1608; &#1575;&#1604;&#1593;&#1604;&#1575;&#1569; &#1575;&#1604;&#1605;&#1593;&#1585;&#1610;&#1548;</subfield><subfield code="d">973-1057.</subfield></datafield><datafield ind1="1" ind2="0" tag="880"><subfield code="6">240-02/r</subfield><subfield code="a">&#1585;&#1587;&#1575;&#1604;&#1577; &#1575;&#1604;&#1594;&#1601;&#1585;&#1575;&#1606;.</subfield><subfield code="k">&#1605;&#1582;&#1578;&#1575;&#1585;&#1575;&#1578;</subfield></datafield><datafield ind1="1" ind2="0" tag="880"><subfield code="6">245-03/r</subfield><subfield code="a">&#1585;&#1587;&#1575;&#1604;&#1577; &#1575;&#1604;&#1594;&#1601;&#1585;&#1575;&#1606; /</subfield><subfield code="c">&#1604;&#1571;&#1576;&#1610; &#1575;&#1604;&#1593;&#1604;&#1575;&#1569; &#1575;&#1604;&#1605;&#1593;&#1585;&#1610; &#1563; &#1573;&#1610;&#1580;&#1575;&#1586; &#1608;&#1588;&#1585;&#1581; &#1603;&#1575;&#1605;&#1604; &#1603;&#1610;&#1604;&#1575;&#1606;&#1610;.</subfield></datafield><datafield ind1=" " ind2=" " tag="880"><subfield code="6">260-04/r</subfield><subfield code="a">&#1575;&#1604;&#1602;&#1575;&#1607;&#1585;&#1577; :</subfield><subfield code="b">&#1575;&#1604;&#1605;&#1603;&#1578;&#1576;&#1577; &#1575;&#1604;&#1578;&#1580;&#1575;&#1585;&#1610;&#1577;&#1548;</subfield><subfield code="c">1923.</subfield></datafield><datafield ind1="0" ind2="0" tag="880"><subfield code="6">600-05/r</subfield><subfield code="a">&#1575;&#1576;&#1608; &#1575;&#1604;&#1593;&#1604;&#1575;&#1569; &#1575;&#1604;&#1605;&#1593;&#1585;&#1610;&#1548; </subfield><subfield code="d">973-1057.</subfield><subfield code="t">Risa&#772;lat al-ghufra&#772;n. </subfield></datafield><datafield ind1="1" ind2=" " tag="880"><subfield code="6">700-06/r</subfield><subfield code="a">&#1603;&#1610;&#1604;&#1575;&#1606;&#1610;&#1548; &#1603;&#1575;&#1605;&#1604;&#1548;</subfield><subfield code="d">1897-1959.</subfield></datafield><datafield ind1=" " ind2=" " tag="959"><subfield code="a">NNU</subfield><subfield code="b">WEB</subfield><subfield code="c">GENI</subfield><subfield code="t">0</subfield><subfield code="m">Electronic access</subfield><subfield code="s">01</subfield></datafield><datafield ind1=" " ind2=" " tag="999"><subfield code="i">NIC_6818539</subfield><subfield code="o">(OCoLC)ocm22694329</subfield><subfield code="s">cornell_aco000191</subfield></datafield></record>